@article{haklay2008openstreetmap,
  title={Openstreetmap: User-generated street maps},
  author={Haklay, Mordechai and Weber, Patrick},
  journal={IEEE Pervasive Computing},
  volume={7},
  number={4},
  pages={12--18},
  year={2008},
  publisher={Ieee}
}

@article{jokar2015emergence,
  title={The emergence and evolution of OpenStreetMap: a cellular automata approach},
  author={Jokar Arsanjani, Jamal and Helbich, Marco and Bakillah, Mohamed and Loos, Lukas},
  journal={International Journal of Digital Earth},
  volume={8},
  number={1},
  pages={76--90},
  year={2015},
  publisher={Taylor \& Francis}
}

@article{chilton2009crowdsourcing,
  title={Crowdsourcing is radically changing the geodata landscape: case study of OpenStreetMap},
  author={Chilton, Steve},
  booktitle={Proceedings of the UK 24th International Cartography Conference},
  pages={15--21},
  year={2009}
}

@article{caquard2013cartographyI,
author = {SÃ©bastien Caquard},
title ={Cartography I: Mapping narrative cartography},
journal = {Progress in Human Geography},
volume = {37},
number = {1},
pages = {135-144},
year = {2013}
}

@article{caquard2014cartographyII,
  title={Cartography II: Collective cartographies in the social media era},
  author={Caquard, S{\'e}bastien},
  journal={Progress in Human Geography},
  volume={38},
  number={1},
  pages={141--150},
  year={2014},
  publisher={Sage Publications Sage UK: London, England}
}

@article{ciepluch2010comparison,
  title={Comparison of the accuracy of OpenStreetMap for Ireland with Google Maps and Bing Maps},
  author={Ciep{\l}uch, B{\l}a{\.z}ej and Jacob, Ricky and Mooney, Peter and Winstanley, Adam C},
  booktitle={Proceedings of the Ninth International Symposium on Spatial Accuracy Assessment in Natural Resuorces and Enviromental Sciences 20-23rd July 2010},
  pages={337},
  year={2010},
  organization={University of Leicester}
}

@article{saunders2012legal,
  title={Legal issues in maps built on third party base layers},
  author={Saunders, Adam and Scassa, Teresa and Lauriault, Tracey P},
  journal={Geomatica},
  volume={66},
  number={4},
  pages={279--290},
  year={2012},
  publisher={NRC Research Press}
}

@article{zuiderwijk2014open,
  title={Open data policies, their implementation and impact: A framework for comparison},
  author={Zuiderwijk, Anneke and Janssen, Marijn},
  journal={Government Information Quarterly},
  volume={31},
  number={1},
  pages={17--29},
  year={2014},
  publisher={Elsevier}
}

@article{amos2009new,
  title={New license proposal},
  author={Amos, Matt and Coast, Steve and Collinson, Mike and Hoff, Henk and M{\"o}ller, Ulf and Slater, Grant},
  year={2009}
}

@online{OSM2010why,
  author = {OSM Foundation},
  title = {\href{https://wiki.osmfoundation.org/wiki/Licence_and_Legal_FAQ/Why_CC_BY-SA_is_Unsuitable}{Why CC\_BY-SA is Unsuitable}},
  year = 2010,
  urldate = {2019-07-15}
}

@article{ginsburg1997copyright,
  title={Copyright, common law, and sui generis protection of databases in the United States and abroad},
  author={Ginsburg, Jane C},
  journal={U. Cin. L. Rev.},
  volume={66},
  pages={151},
  year={1997},
  publisher={HeinOnline}
}

@article{carver2005share,
  title={Share and share alike: Understanding and enforcing open source and free software licenses},
  author={Carver, Brian W},
  journal={Berkeley Tech. LJ},
  volume={20},
  pages={443},
  year={2005},
  publisher={HeinOnline}
}

@article{hansen2013open,
  title={Open government data--a key element in the digital society},
  author={Hansen, Henning Sten and Hvingel, Line and Schr{\o}der, Lise},
  booktitle={International Conference on Electronic Government and the Information Systems Perspective},
  pages={167--180},
  year={2013},
  organization={Springer}
}

@article{johnson2017models,
  title={Models of direct editing of government spatial data: challenges and constraints to the acceptance of contributed data},
  author={Johnson, Peter A},
  journal={Cartography and Geographic Information Science},
  volume={44},
  number={2},
  pages={128--138},
  year={2017},
  publisher={Taylor \& Francis}
}

@article{khayyat2015open,
  title={Open data licensing: More than meets the eye},
  author={Khayyat, Mashael and Bannister, Frank},
  journal={Information Polity},
  volume={20},
  number={4},
  pages={231--252},
  year={2015},
  publisher={IOS Press}
}

@article{ubaldi2013open,
  title={Open government data},
  author={Ubaldi, Barbara},
  year={2013},
  publisher={OECD}
}

@article{jetzek2013generating,
  title={Generating value from open government data},
  author={Jetzek, Thorhildur and Avital, Michel and Bj{\o}rn-Andersen, Niels},
  year={2013}
}

@article{janssen2012benefits,
  title={Benefits, adoption barriers and myths of open data and open government},
  author={Janssen, Marijn and Charalabidis, Yannis and Zuiderwijk, Anneke},
  journal={Information systems management},
  volume={29},
  number={4},
  pages={258--268},
  year={2012},
  publisher={Taylor \& Francis}
}